
@misc{lebon,
  title={The Crowd: A Study of the Popular Mind},
  author={Gustave, Le Bon},
  year={1982},
  publisher={Fraser Publishing Company}
}

@article{harmonise:definition,
  title={Data harmonization and federated analysis of population-based studies: the BioSHaRE project},
  author={Doiron, Dany and Burton, Paul and Marcon, Yannick and Gaye, Amadou and Wolffenbuttel, Bruce HR and Perola, Markus and Stolk, Ronald P and Foco, Luisa and Minelli, Cosetta and Waldenberger, Melanie and others},
  journal={Emerging themes in epidemiology. https://doi.org/10.1186/1742-7622-10-12},
  volume={10},
  number={1},
  pages={12},
  year={2013},
  publisher={BioMed Central}
}

@article{stata,
  title={Stata data analysis and statistical Software},
  author={StataCorp, LP and others},
  journal={Special Edition Release},
  volume={15},
  pages={733},
  year={2017}
}

@article{rstudio,
  title={RStudio: integrated development for R (Version 1.1.456) [Computer Software]},
  author={Team, RStudio and others},
  journal={RStudio, Inc., Boston, MA. http://www.rstudio.com},
  year={2018}
}

@article{nightingale,
title={GGP At A Glance No. 42 / October 2018},
author={GGP},
journal={Newsletters. https://www.ggp-i.org/newsletter/},
year={2018}
}

  @misc{harmonise:syntax,
  title={Syntax},
  url={osf.io/ev2nd},
  publisher={OSF},
  author={Koops, Judith C and Simon, Sebastian},
  year={2018},
  month={Nov}
}

@article{apa,
title={Publication Practices and Responsible Authorship},
author={APA},
journal={Responsible Conduct of Research. https://www.apa.org/research/responsible/publication/},
year={December 2018}
}