@article{chen2016otree,
  title={oTree—An open-source platform for laboratory, online, and field experiments},
  author={Chen, Daniel L and Schonger, Martin and Wickens, Chris},
  journal={Journal of Behavioral and Experimental Finance},
  volume={9},
  pages={88--97},
  year={2016},
  publisher={Elsevier}
}

@Manual{R-base,
  title = {R: A Language and Environment for Statistical Computing},
  author = {{R Core Team}},
  organization = {R Foundation for Statistical Computing},
  address = {Vienna, Austria},
  year = {2018},
  url = {https://www.R-project.org/},
}

@Manual{R-papaja,
  author = {Frederik Aust and Marius Barth},
  title = {{papaja}: {Create} {APA} manuscripts with {R Markdown}},
  year = {2018},
  note = {R package version 0.1.0.9842},
  url = {https://github.com/crsh/papaja},
}

@article{cialdini2001harnessing,
  title={Harnessing the science of persuasion},
  author={Cialdini, Robert B},
  journal={Harvard business review},
  volume={79},
  number={9},
  pages={72--81},
  year={2001}
}

@article{williams2014serving,
  title={Serving the self from the seat of power: Goals and threats predict leaders’ self-interested behavior},
  author={Williams, Melissa J},
  journal={Journal of Management},
  volume={40},
  number={5},
  pages={1365--1395},
  year={2014},
  publisher={Sage Publications Sage CA: Los Angeles, CA}
}

@article{pepitone1976toward,
  title={Toward a normative and comparative biocultural social psychology.},
  author={Pepitone, Albert},
  journal={Journal of Personality and Social Psychology},
  volume={34},
  number={4},
  pages={641},
  year={1976},
  publisher={American Psychological Association}
}

@article{tomasello2003makes,
  title={What makes human cognition unique? From individual to shared to collective intentionality},
  author={Tomasello, Michael and Rakoczy, Hannes},
  journal={Mind \& Language},
  volume={18},
  number={2},
  pages={121--147},
  year={2003},
  publisher={Wiley Online Library}
}

@article{fehr2004human,
  title={Human altruism: economic, neural, and evolutionary perspectives},
  author={Fehr, Ernst and Rockenbach, Bettina},
  journal={Current opinion in neurobiology},
  volume={14},
  number={6},
  pages={784--790},
  year={2004},
  publisher={Elsevier}
}

@article{gintis2003solving,
  title={Solving the puzzle of prosociality},
  author={Gintis, Herbert},
  journal={Rationality and Society},
  volume={15},
  number={2},
  pages={155--187},
  year={2003},
  publisher={Sage Publications}
}

@article{gintis2001costly,
  title={Costly signaling and cooperation},
  author={Gintis, Herbert and Smith, Eric Alden and Bowles, Samuel},
  journal={Journal of theoretical biology},
  volume={213},
  number={1},
  pages={103--119},
  year={2001},
  publisher={Elsevier}
}

@article{ostrom2000collective,
  title={Collective action and the evolution of social norms},
  author={Ostrom, Elinor},
  journal={Journal of economic perspectives},
  volume={14},
  number={3},
  pages={137--158},
  year={2000}
}

@article{sethi1996evolution,
  title={The evolution of social norms in common property resource use},
  author={Sethi, Rajiv and Somanathan, Eswaran},
  journal={The American Economic Review},
  pages={766--788},
  year={1996},
  publisher={JSTOR}
}

@article{fehr2003nature,
  title={The nature of human altruism},
  author={Fehr, Ernst and Fischbacher, Urs},
  journal={Nature},
  volume={425},
  number={6960},
  pages={785},
  year={2003},
  publisher={Nature Publishing Group}
}

@incollection{hoffman1977moral,
  title={Moral internalization: Current theory and research},
  author={Hoffman, Martin L},
  booktitle={Advances in experimental social psychology},
  volume={10},
  pages={85--133},
  year={1977},
  publisher={Elsevier}
}

@book{freud1977introductory,
  title={Introductory lectures on psychoanalysis},
  author={Freud, Sigmund},
  year={1977},
  publisher={WW Norton \& Company}
}

@article{kobis2016prospection,
  title={Prospection in individual and interpersonal corruption dilemmas},
  author={K{\"o}bis, Nils C and van Prooijen, Jan-Willem and Righetti, Francesca and Van Lange, Paul AM},
  journal={Review of General Psychology},
  volume={20},
  number={1},
  pages={71--85},
  year={2016},
  publisher={SAGE Publications Sage CA: Los Angeles, CA}
}

@article{weisel2015collaborative,
  title={The collaborative roots of corruption},
  author={Weisel, Ori and Shalvi, Shaul},
  journal={Proceedings of the National Academy of Sciences},
  volume={112},
  number={34},
  pages={10651--10656},
  year={2015},
  publisher={National Acad Sciences}
}

@book{rose2016corruption,
  title={Corruption and government: Causes, consequences, and reform},
  author={Rose-Ackerman, Susan and Palifka, Bonnie J},
  year={2016},
  publisher={Cambridge university press}
}

@article{mauro1995corruption,
  title={Corruption and growth},
  author={Mauro, Paolo},
  journal={The quarterly journal of economics},
  volume={110},
  number={3},
  pages={681--712},
  year={1995},
  publisher={MIT Press}
}

@book{rothstein2011quality,
  title={The quality of government: Corruption, social trust, and inequality in international perspective},
  author={Rothstein, Bo},
  year={2011},
  publisher={University of Chicago Press}
}

@article{mazar2008dishonesty,
  title={The dishonesty of honest people: A theory of self-concept maintenance},
  author={Mazar, Nina and Amir, On and Ariely, Dan},
  journal={Journal of marketing research},
  volume={45},
  number={6},
  pages={633--644},
  year={2008},
  publisher={SAGE Publications Sage CA: Los Angeles, CA}
}

@article{jordan2011striving,
  title={Striving for the moral self: The effects of recalling past moral actions on future moral behavior},
  author={Jordan, Jennifer and Mullen, Elizabeth and Murnighan, J Keith},
  journal={Personality and Social Psychology Bulletin},
  volume={37},
  number={5},
  pages={701--713},
  year={2011},
  publisher={Sage Publications Sage CA: Los Angeles, CA}
}

@article{abeler2014representative,
  title={Representative evidence on lying costs},
  author={Abeler, Johannes and Becker, Anke and Falk, Armin},
  journal={Journal of Public Economics},
  volume={113},
  pages={96--104},
  year={2014},
  publisher={Elsevier}
}

@article{abeler2019preferences,
  title={Preferences for truth-telling},
  author={Abeler, Johannes and Nosenzo, Daniele and Raymond, Collin},
  journal={Econometrica},
  volume={87},
  number={4},
  pages={1115--1153},
  year={2019},
  publisher={Wiley Online Library}
}

@article{lacetera2010social,
  title={Social image concerns and prosocial behavior: Field evidence from a nonlinear incentive scheme},
  author={Lacetera, Nicola and Macis, Mario},
  journal={Journal of Economic Behavior \& Organization},
  volume={76},
  number={2},
  pages={225--237},
  year={2010},
  publisher={Elsevier}
}

@article{utikal2013disadvantageous,
  title={Disadvantageous lies in individual decisions},
  author={Utikal, Verena and Fischbacher, Urs},
  journal={Journal of Economic Behavior \& Organization},
  volume={85},
  pages={108--111},
  year={2013},
  publisher={Elsevier}
}

@article{gausel2011concern,
  title={Concern for self-image and social image in the management of moral failure: Rethinking shame},
  author={Gausel, Nicolay and Leach, Colin Wayne},
  journal={European Journal of Social Psychology},
  volume={41},
  number={4},
  pages={468--478},
  year={2011},
  publisher={Wiley Online Library}
}

@article{cottrell2007people,
  title={What do people desire in others? A sociofunctional perspective on the importance of different valued characteristics.},
  author={Cottrell, Catherine A and Neuberg, Steven L and Li, Norman P},
  journal={Journal of personality and social psychology},
  volume={92},
  number={2},
  pages={208},
  year={2007},
  publisher={American Psychological Association}
}

@article{landy2018morality,
  title={Morality is personal},
  author={Landy, Justin F and Uhlmann, Eric Luis},
  journal={Atlas of Moral Psychology},
  pages={121},
  year={2018},
  publisher={Guilford Publications}
}

@article{landy2016s,
  title={When it’s bad to be friendly and smart: The desirability of sociability and competence depends on morality},
  author={Landy, Justin F and Piazza, Jared and Goodwin, Geoffrey P},
  journal={Personality and Social Psychology Bulletin},
  volume={42},
  number={9},
  pages={1272--1290},
  year={2016},
  publisher={Sage Publications Sage CA: Los Angeles, CA}
}

@article{peeters1992evaluative,
  title={Evaluative meanings of adjectives invitro and in context-some theoretical implications and practical consequences of positive-negative asymmetry and behavioral-adaptive concepts of evaluation},
  author={Peeters, Guido},
  journal={Psychologica Belgica},
  volume={32},
  number={2},
  pages={211--231},
  year={1992},
  publisher={Belgian psychol soc}
}

@article{wojciszke2009two,
  title={Two dimensions of interpersonal attitudes: Liking depends on communion, respect depends on agency},
  author={Wojciszke, Bogdan and Abele, Andrea E and Baryla, Wies{\l}aw},
  journal={European Journal of Social Psychology},
  volume={39},
  number={6},
  pages={973--990},
  year={2009},
  publisher={Wiley Online Library}
}

@incollection{abele2014communal,
  title={Communal and agentic content in social cognition: A dual perspective model},
  author={Abele, Andrea E and Wojciszke, Bogdan},
  booktitle={Advances in experimental social psychology},
  volume={50},
  pages={195--255},
  year={2014},
  publisher={Elsevier}
}

@article{baumard2014tool,
  title={Tool use disorders after left brain damage},
  author={Baumard, Josselin and Osiurak, Fran{\c{c}}ois and Lesourd, Mathieu and Le Gall, Didier},
  journal={Frontiers in Psychology},
  volume={5},
  pages={473},
  year={2014},
  publisher={Frontiers}
}

@article{goodwin2015moral,
  title={Moral character in person perception},
  author={Goodwin, Geoffrey P},
  journal={Current Directions in Psychological Science},
  volume={24},
  number={1},
  pages={38--44},
  year={2015},
  publisher={Sage Publications Sage CA: Los Angeles, CA}
}

@article{goodman2015volkswagen,
  title={Why Volkswagen cheated},
  author={Goodman, Leah M},
  journal={Newsweek Global},
  volume={165},
  number={23},
  pages={14},
  year={2015}
}

@article{everett2016inference,
  title={Inference of trustworthiness from intuitive moral judgments.},
  author={Everett, Jim AC and Pizarro, David A and Crockett, MJ},
  journal={Journal of Experimental Psychology: General},
  volume={145},
  number={6},
  pages={772},
  year={2016},
  publisher={American Psychological Association}
}

@article{melnikoff2018preferences,
  title={Preferences for moral vs. immoral traits in others are conditional},
  author={Melnikoff, David E and Bailey, April H},
  journal={Proceedings of the National Academy of Sciences},
  volume={115},
  number={4},
  pages={E592--E600},
  year={2018},
  publisher={National Acad Sciences}
}

@article{barclay2013strategies,
  title={Strategies for cooperation in biological markets, especially for humans},
  author={Barclay, Pat},
  journal={Evolution and Human Behavior},
  volume={34},
  number={3},
  pages={164--175},
  year={2013},
  publisher={Elsevier}
}

@article{barclay2016biological,
  title={Biological markets and the effects of partner choice on cooperation and friendship},
  author={Barclay, Pat},
  journal={Current opinion in psychology},
  volume={7},
  pages={33--38},
  year={2016},
  publisher={Elsevier}
}

@article{barclay2006partner,
  title={Partner choice creates competitive altruism in humans},
  author={Barclay, Pat and Willer, Robb},
  journal={Proceedings of the Royal Society B: Biological Sciences},
  volume={274},
  number={1610},
  pages={749--753},
  year={2006},
  publisher={The Royal Society London}
}

@article{andre2011evolution,
  title={The evolution of fairness in a biological market},
  author={Andr{\'e}, Jean-Baptiste and Baumard, Nicolas},
  journal={Evolution: International Journal of Organic Evolution},
  volume={65},
  number={5},
  pages={1447--1456},
  year={2011},
  publisher={Wiley Online Library}
}

@article{baumard2013mutualistic,
  title={A mutualistic approach to morality: The evolution of fairness by partner choice},
  author={Baumard, Nicolas and Andr{\'e}, Jean-Baptiste and Sperber, Dan},
  journal={Behavioral and Brain Sciences},
  volume={36},
  number={1},
  pages={59--78},
  year={2013},
  publisher={Cambridge University Press}
}

@article{hirschman1987people,
  title={People as products: Analysis of a complex marketing exchange},
  author={Hirschman, Elizabeth C},
  journal={Journal of Marketing},
  volume={51},
  number={1},
  pages={98--108},
  year={1987},
  publisher={SAGE Publications Sage CA: Los Angeles, CA}
}

@article{montesquieu1951oeuvres,
  title={Oeuvres completes (2 vols.)},
  author={Montesquieu, Charles Louis},
  journal={Paris: Pl6iade},
  year={1951}
}

@article{gurven2000s,
  title={“It's a wonderful life”: signaling generosity among the Ache of Paraguay},
  author={Gurven, Michael and Allen-Arave, Wesley and Hill, Kim and Hurtado, Magdalena},
  journal={Evolution and Human Behavior},
  volume={21},
  number={4},
  pages={263--282},
  year={2000},
  publisher={Elsevier}
}

@article{efferson2016sustained,
  title={Sustained cooperation by running away from bad behavior},
  author={Efferson, Charles and Roca, Carlos P and Vogt, Sonja and Helbing, Dirk},
  journal={Evolution and Human Behavior},
  volume={37},
  number={1},
  pages={1--9},
  year={2016},
  publisher={Elsevier}
}

@article{rand2011dynamic,
  title={Dynamic social networks promote cooperation in experiments with humans},
  author={Rand, David G and Arbesman, Samuel and Christakis, Nicholas A},
  journal={Proceedings of the National Academy of Sciences},
  volume={108},
  number={48},
  pages={19193--19198},
  year={2011},
  publisher={National Acad Sciences}
}

@article{nieto2012political,
  title={Political corruption and narcotrafficking in Mexico},
  author={Nieto, Nubia},
  journal={Transcience},
  volume={3},
  number={2},
  pages={24--26},
  year={2012}
}

@article{ades1996causes,
  title={The causes and consequences of corruption: A review of recent empirical contributions},
  author={Ades, Alberto and Tella, Rafael Di},
  journal={IDs bulletin},
  volume={27},
  number={2},
  pages={6--11},
  year={1996},
  publisher={Wiley Online Library}
}

@article{bahmani2005impact,
  title={The impact of corruption on the black market premium},
  author={Bahmani-Oskooee, Mohsen and Goswami, Gour G},
  journal={Southern Economic Journal},
  pages={483--493},
  year={2005},
  publisher={JSTOR}
}

@techreport{cukierman1989seigniorage,
  title={Seigniorage and political instability},
  author={Cukierman, Alex and Edwards, Sebastian and Tabellini, Guido},
  year={1989},
  institution={National Bureau of Economic Research}
}

@book{dsanjeev1998does,
  title={Does corruption affect income inequality and poverty?},
  author={dSanjeev Gupta, Jenny and Davoodi, Hamid and Alonso-Terme, Rosa},
  year={1998},
  publisher={International Monetary Fund}
}

@article{farwell2014media,
  title={The media strategy of ISIS},
  author={Farwell, James P},
  journal={Survival},
  volume={56},
  number={6},
  pages={49--55},
  year={2014},
  publisher={Taylor \& Francis}
}

@article{fehr2002altruistic,
  title={Altruistic punishment in humans},
  author={Fehr, Ernst and G{\"a}chter, Simon},
  journal={Nature},
  volume={415},
  number={6868},
  pages={137},
  year={2002},
  publisher={Nature Publishing Group}
}

@article{fischbacher2013lies,
  title={Lies in disguise—an experimental study on cheating},
  author={Fischbacher, Urs and F{\"o}llmi-Heusi, Franziska},
  journal={Journal of the European Economic Association},
  volume={11},
  number={3},
  pages={525--547},
  year={2013},
  publisher={Oxford University Press}
}

@article{milinski2002reputation,
  title={Reputation helps solve the ‘tragedy of the commons’},
  author={Milinski, Manfred and Semmann, Dirk and Krambeck, Hans-J{\"u}rgen},
  journal={Nature},
  volume={415},
  number={6870},
  pages={424},
  year={2002},
  publisher={Nature Publishing Group}
}

@article{kimbrough2016norms,
  title={Norms make preferences social},
  author={Kimbrough, Erik O and Vostroknutov, Alexander},
  journal={Journal of the European Economic Association},
  volume={14},
  number={3},
  pages={608--638},
  year={2016},
  publisher={Oxford University Press}
}

@article{murphy2011measuring,
  title={Measuring social value orientation},
  author={Murphy, Ryan O and Ackermann, Kurt A and Handgraaf, Michel},
  journal={Judgment and Decision making},
  volume={6},
  number={8},
  pages={771--781},
  year={2011}
}

@article{jordan2016uncalculating,
  title={Uncalculating cooperation is used to signal trustworthiness},
  author={Jordan, Jillian J and Hoffman, Moshe and Nowak, Martin A and Rand, David G},
  journal={Proceedings of the National Academy of Sciences},
  volume={113},
  number={31},
  pages={8658--8663},
  year={2016},
  publisher={National Acad Sciences}
}


@Book{R-ggplot2,
  author = {Hadley Wickham},
  title = {ggplot2: Elegant Graphics for Data Analysis},
  publisher = {Springer-Verlag New York},
  year = {2016},
  isbn = {978-3-319-24277-4},
  url = {https://ggplot2.tidyverse.org},
}

@book{gelman2006data,
  title={Data analysis using regression and multilevel/hierarchical models},
  author={Gelman, Andrew and Hill, Jennifer},
  year={2006},
  publisher={Cambridge university press}
}

@article{simmons201221,
  title={A 21 word solution},
  author={Simmons, Joseph P and Nelson, Leif D and Simonsohn, Uri},
  journal={Available at SSRN 2160588},
  year={2012}
}
@Article{R-lme4,
  title = {Fitting Linear Mixed-Effects Models Using {lme4}},
  author = {Douglas Bates and Martin M{\"a}chler and Ben Bolker and Steve Walker},
  journal = {Journal of Statistical Software},
  year = {2015},
  volume = {67},
  number = {1},
  pages = {1--48},
  doi = {10.18637/jss.v067.i01},
}
@Manual{R-Matrix,
  title = {Matrix: Sparse and Dense Matrix Classes and Methods},
  author = {Douglas Bates and Martin Maechler},
  year = {2018},
  note = {R package version 1.2-14},
  url = {https://CRAN.R-project.org/package=Matrix},
}
@Manual{R-dplyr,
  title = {dplyr: A Grammar of Data Manipulation},
  author = {Hadley Wickham and Romain François and Lionel Henry and Kirill Müller},
  year = {2019},
  note = {R package version 0.8.1},
  url = {https://CRAN.R-project.org/package=dplyr},
}
@Manual{R-DT,
  title = {DT: A Wrapper of the JavaScript Library 'DataTables'},
  author = {Yihui Xie and Joe Cheng and Xianying Tan},
  year = {2019},
  note = {R package version 0.7},
  url = {https://CRAN.R-project.org/package=DT},
}
@Book{R-knitr,
  title = {Dynamic Documents with {R} and knitr},
  author = {Yihui Xie},
  publisher = {Chapman and Hall/CRC},
  address = {Boca Raton, Florida},
  year = {2015},
  edition = {2nd},
  note = {ISBN 978-1498716963},
  url = {https://yihui.name/knitr/},
}
@Manual{R-xtable,
  title = {xtable: Export Tables to LaTeX or HTML},
  author = {David B. Dahl and David Scott and Charles Roosen and Arni Magnusson and Jonathan Swinton},
  year = {2018},
  note = {R package version 1.8-3},
  url = {https://CRAN.R-project.org/package=xtable},
}
@Manual{R-gridExtra,
  title = {gridExtra: Miscellaneous Functions for "Grid" Graphics},
  author = {Baptiste Auguie},
  year = {2017},
  note = {R package version 2.3},
  url = {https://CRAN.R-project.org/package=gridExtra},
}
@Article{R-plyr,
  title = {The Split-Apply-Combine Strategy for Data Analysis},
  author = {Hadley Wickham},
  journal = {Journal of Statistical Software},
  year = {2011},
  volume = {40},
  number = {1},
  pages = {1--29},
  url = {http://www.jstatsoft.org/v40/i01/},
}
@Manual{R-viridis,
  title = {viridis: Default Color Maps from 'matplotlib'},
  author = {Simon Garnier},
  year = {2018},
  note = {R package version 0.5.1},
  url = {https://CRAN.R-project.org/package=viridis},
}
@Manual{R-viridisLite,
  title = {viridisLite: Default Color Maps from 'matplotlib' (Lite Version)},
  author = {Simon Garnier},
  year = {2018},
  note = {R package version 0.3.0},
  url = {https://CRAN.R-project.org/package=viridisLite},
}

@article{mcelduff2010t,
  title={When t-tests or Wilcoxon-Mann-Whitney tests won't do},
  author={McElduff, Fiona and Cortina-Borja, Mario and Chan, Shun-Kai and Wade, Angie},
  journal={Advances in physiology education},
  volume={34},
  number={3},
  pages={128--133},
  year={2010},
  publisher={American Physiological Society Bethesda, MD}
}

@article{fiske1999dis,
  title={(Dis) respecting versus (dis) liking: Status and interdependence predict ambivalent stereotypes of competence and warmth},
  author={Fiske, Susan T and Xu, Juan and Cuddy, Amy C and Glick, Peter},
  journal={Journal of social issues},
  volume={55},
  number={3},
  pages={473--489},
  year={1999},
  publisher={Wiley Online Library}
}

@article{brambilla2011looking,
  title={Looking for honesty: The primary role of morality (vs. sociability and competence) in information gathering},
  author={Brambilla, Marco and Rusconi, Patrice and Sacchi, Simona and Cherubini, Paolo},
  journal={European journal of social psychology},
  volume={41},
  number={2},
  pages={135--143},
  year={2011},
  publisher={Wiley Online Library}
}

@article{anderson1968likableness,
  title={Likableness ratings of 555 personality-trait words.},
  author={Anderson, Norman H},
  journal={Journal of personality and social psychology},
  volume={9},
  number={3},
  pages={272},
  year={1968},
  publisher={American Psychological Association}
}

@article{trivers1971evolution,
  title={The evolution of reciprocal altruism},
  author={Trivers, Robert L},
  journal={The Quarterly review of biology},
  volume={46},
  number={1},
  pages={35--57},
  year={1971},
  publisher={Stony Brook Foundation, Inc.}
}

@techreport{kimbrough2014norms,
  title={Norms, frames and prosocial behavior in games},
  author={Kimbrough, Erik O and Miller, Joshua B and Vostroknutov, Alexander},
  year={2014},
  institution={mimeo, Simon Fraser University, Bocconi University, University of Trento}
}

@article{kimbrough2018portable,
  title={A portable method of eliciting respect for social norms},
  author={Kimbrough, Erik O and Vostroknutov, Alexander},
  journal={Economics Letters},
  volume={168},
  pages={147--150},
  year={2018},
  publisher={Elsevier}
}

@article{wedekind2000cooperation,
  title={Cooperation through image scoring in humans},
  author={Wedekind, Claus and Milinski, Manfred},
  journal={Science},
  volume={288},
  number={5467},
  pages={850--852},
  year={2000},
  publisher={American Association for the Advancement of Science}
}

@article{Gross2012honesty,
  title={Contagiously honest: Rule following minorities enforce norm-abidance and mitigate corrupt collaboration
Jörg},
  author={Gross, Jörg A. and De Dreu, Carsten K. W.},
  journal={In press},
  year={2012},
  publisher={In press}
}

@article{tyler1997psychology,
  title={The psychology of legitimacy: A relational perspective on voluntary deference to authorities},
  author={Tyler, Tom R},
  journal={Personality and social psychology review},
  volume={1},
  number={4},
  pages={323--345},
  year={1997},
  publisher={Sage Publications Sage CA: Los Angeles, CA}
}

@book{smith1759theory,
  title={The Theory of Moral Sentiments: By Adam Smith...},
  author={Smith, Adam},
  year={1759},
  publisher={A. Millar}
}

@article{szechtman2004obsessive,
  title={Obsessive-compulsive disorder as a disturbance of security motivation.},
  author={Szechtman, Henry and Woody, Erik},
  journal={Psychological review},
  volume={111},
  number={1},
  pages={111},
  year={2004},
  publisher={American Psychological Association}
}

@article{merwin2010psychological,
  title={Psychological inflexibility and symptom expression in anorexia nervosa},
  author={Merwin, Rhonda M and Timko, C Alix and Moskovich, Ashley A and Ingle, Krista Konrad and Bulik, Cynthia M and Zucker, Nancy L},
  journal={Eating disorders},
  volume={19},
  number={1},
  pages={62--82},
  year={2010},
  publisher={Taylor \& Francis}
}

@article{gross2018ethical,
  title={Ethical free riding: When honest people find dishonest partners},
  author={Gross, J{\"o}rg and Leib, Margarita and Offerman, Theo and Shalvi, Shaul},
  journal={Psychological science},
  volume={29},
  number={12},
  pages={1956--1968},
  year={2018},
  publisher={SAGE Publications Sage CA: Los Angeles, CA}
}

@article{jordan2016uncalculating,
  title={Uncalculating cooperation is used to signal trustworthiness},
  author={Jordan, Jillian J and Hoffman, Moshe and Nowak, Martin A and Rand, David G},
  journal={Proceedings of the National Academy of Sciences},
  volume={113},
  number={31},
  pages={8658--8663},
  year={2016},
  publisher={National Acad Sciences}
}

@article{brophy2008mexico,
  title={Mexico: Cartels, corruption and cocaine: A profile of the Gulf cartel},
  author={Brophy, Stephanie},
  journal={Global Crime},
  volume={9},
  number={3},
  pages={248--261},
  year={2008},
  publisher={Taylor \& Francis}
}

@phdthesis{lessing2012logic,
  title={The logic of violence in criminal war: Cartel-state conflict in Mexico, Colombia, and Brazil},
  author={Lessing, Benjamin},
  year={2012},
  school={UC Berkeley}
}

@article{french1959bases,
  title={The bases of social power},
  author={French, JR and Raven, Bertram and Cartwright, Dorwin},
  journal={Classics of organization theory},
  volume={7},
  pages={311--320},
  year={1959},
  publisher={Cengage Learning Boston, MA}
}

@article{noe1995biological,
  title={Biological markets},
  author={No{\"e}, Ronald and Hammerstein, Peter},
  journal={Trends in Ecology \& Evolution},
  volume={10},
  number={8},
  pages={336--339},
  year={1995},
  publisher={Elsevier}
}

@article{gachter2016intrinsic,
  title={Intrinsic honesty and the prevalence of rule violations across societies},
  author={G{\"a}chter, Simon and Schulz, Jonathan F},
  journal={Nature},
  volume={531},
  number={7595},
  pages={496--499},
  year={2016},
  publisher={Nature Publishing Group}
}

@article{keizer2008spreading,
  title={The spreading of disorder},
  author={Keizer, Kees and Lindenberg, Siegwart and Steg, Linda},
  journal={Science},
  volume={322},
  number={5908},
  pages={1681--1685},
  year={2008},
  publisher={American Association for the Advancement of Science}
}

@misc{mumby_2019, 
  title={Climate emergency declared to applause from protesters}, 
  url={https://www.somersetlive.co.uk/climate-emergency-declared-somerset-county-2572346}, 
  journal={somersetlive}, 
  author={Mumby, Daniel}, 
  year={2019}, 
  month={Feb}
}

@misc{gulsoken_2019, 
  title={Amsterdam becomes the first Dutch municipality to recognise the climate crisis}, 
  url={https://kinder.world/articles/solutions/amsterdam-becomes-the-first-dutch-municipality-to-recognise-the-climate-crisis-20940}, 
  journal={Kinder World}, 
  author={Gulsoken, Deniz}, 
  year={2019}, 
  month={Jun}
}

@misc{desaihttps_2019, 
  title={Utrecht Becomes Third Dutch City to Declare a State of Climate Emergency}, 
  url={https://dutchreview.com/cities/utrecht/utrecht-becomes-third-dutch-city-to-declare-a-state-of-climate-emergency/}, 
  journal={DutchReview}, 
  author={Desaihttps, Kavana}, 
  year={2019}, 
  month={Jul}
}

@misc{hordern_martin_ratcliffe_2020, 
  title={Aramco CEO Says Oil’s ‘Central Bank’ Can Handle Any Disruption}, 
  url={https://www.bloomberg.com/news/articles/2020-01-13/aramco-s-ability-to-withstand-disruptions-is-unmatched-says-ceo}, 
  journal={Bloomberg.com}, 
  publisher={Bloomberg}, 
  author={Hordern, Annmarie and Martin, Mathew and Ratcliffe, Verity}, 
  year={2020}, 
  month={Jan}
}

@article{van2011breaking,
  title={Breaking the rules to rise to power: How norm violators gain power in the eyes of others},
  author={Van Kleef, Gerben A and Homan, Astrid C and Finkenauer, Catrin and G{\"u}ndemir, Seval and Stamkou, Eftychia},
  journal={Social Psychological and Personality Science},
  volume={2},
  number={5},
  pages={500--507},
  year={2011},
  publisher={Sage Publications Sage CA: Los Angeles, CA}
}

@article{mondillon2005beliefs,
  title={Beliefs about power and its relation to emotional experience: A comparison of Japan, France, Germany, and the United States},
  author={Mondillon, Laurie and Niedenthal, Paula M and Brauer, Markus and Rohmann, Anette and Dalle, Nathalie and Uchida, Yukiko},
  journal={Personality and Social Psychology Bulletin},
  volume={31},
  number={8},
  pages={1112--1122},
  year={2005},
  publisher={Sage Publications Sage CA: Thousand Oaks, CA}
}

@article{robinson1989effects,
  title={The effects of interruption, gender, and status on interpersonal perceptions},
  author={Robinson, Laura F and Reis, Harry T},
  journal={Journal of nonverbal behavior},
  volume={13},
  number={3},
  pages={141--153},
  year={1989},
  publisher={Springer}
}

@article{magee2009seeing,
  title={Seeing power in action: The roles of deliberation, implementation, and action in inferences of power},
  author={Magee, Joe C},
  journal={Journal of Experimental Social Psychology},
  volume={45},
  number={1},
  pages={1--14},
  year={2009},
  publisher={Elsevier}
}
